<?xml version="1.0" encoding="UTF-8"?>
<record xmlns="http://www.loc.gov/MARC21/slim">
   <leader>01985cam a2200457 a 4500</leader>
   <controlfield tag="001">4357169</controlfield>
   <controlfield tag="008">090507s2009    abca         s000 0 eng d</controlfield>
   <datafield tag="020" ind1=" " ind2=" ">
      <subfield code="a">9780778581147 (print)</subfield>
   </datafield>
   <datafield tag="020" ind1=" " ind2=" ">
      <subfield code="a">9780778581154 (online)</subfield>
   </datafield>
   <datafield tag="035" ind1=" " ind2=" ">
      <subfield code="a">ocn456521205</subfield>
   </datafield>
   <datafield tag="040" ind1=" " ind2=" ">
      <subfield code="a">AEEN</subfield>
      <subfield code="b">eng</subfield>
   </datafield>
   <datafield tag="043" ind1=" " ind2=" ">
      <subfield code="a">n-cn-ab</subfield>
   </datafield>
   <datafield tag="055" ind1=" " ind2="4">
      <subfield code="a">TD 227*</subfield>
   </datafield>
   <datafield tag="090" ind1=" " ind2=" ">
      <subfield code="a">TD 227 A3 H669 2009</subfield>
      <subfield code="b">AEEN</subfield>
   </datafield>
   <datafield tag="090" ind1=" " ind2=" ">
      <subfield code="a">Internet Access</subfield>
      <subfield code="b">AEEN</subfield>
   </datafield>
   <datafield tag="090" ind1=" " ind2=" ">
      <subfield code="a">TD 227 A3 H669 2009</subfield>
      <subfield code="b">AEU</subfield>
   </datafield>
   <datafield tag="100" ind1="1" ind2=" ">
      <subfield code="a">Hirsche, Trevor.</subfield>
   </datafield>
   <datafield tag="240" ind1="0" ind2="0">
      <subfield code="a">A comprehensive literature review on the applicability of free and dissolved gas sampling for baseline water well testing :</subfield>
      <subfield code="b">final report /</subfield>
      <subfield code="c">prepared by: Trevor Hirsche &amp; Bernhard Mayer; prepared for Alberta Environment.</subfield>
   </datafield>
   <datafield tag="245" ind1="1" ind2="2">
      <subfield code="a">A comprehensive literature review on the applicability of free and dissolved gas sampling for baseline water well testing : final report 2009</subfield>
      <subfield code="b">final report /</subfield>
      <subfield code="c">prepared by: Trevor Hirsche &amp; Bernhard Mayer; prepared for Alberta Environment.</subfield>
   </datafield>
   <datafield tag="246" ind1="1" ind2="4">
      <subfield code="a">Water for life : a comprehensive literature review on the applicability of free and dissolved gas sampling for baseline water well testing</subfield>
   </datafield>
   <datafield tag="246" ind1="1" ind2="7">
      <subfield code="a">Dissolved and free gas sampling for baseline water well testing</subfield>
   </datafield>
   <datafield tag="260" ind1=" " ind2=" ">
      <subfield code="a">Edmonton :</subfield>
      <subfield code="b">Alberta Environment,</subfield>
      <subfield code="c">c2009.</subfield>
   </datafield>
   <datafield tag="300" ind1=" " ind2=" ">
      <subfield code="a">vi, 47 p. :</subfield>
      <subfield code="b">ill. ;</subfield>
      <subfield code="c">28 cm.</subfield>
   </datafield>
   <datafield tag="336" ind1=" " ind2=" ">
      <subfield code="a">text</subfield>
      <subfield code="b">txt</subfield>
      <subfield code="2">rdacontent</subfield>
   </datafield>
   <datafield tag="337" ind1=" " ind2=" ">
      <subfield code="a">unmediated</subfield>
      <subfield code="b">n</subfield>
      <subfield code="2">rdamedia</subfield>
   </datafield>
   <datafield tag="338" ind1=" " ind2=" ">
      <subfield code="a">volume</subfield>
      <subfield code="b">nc</subfield>
      <subfield code="2">rdacarrier</subfield>
   </datafield>
   <datafield tag="500" ind1=" " ind2=" ">
      <subfield code="a">On cover: March 2009; on title page: March 31, 2007.</subfield>
   </datafield>
   <datafield tag="504" ind1=" " ind2=" ">
      <subfield code="a">Includes bibliographical references (p. 41-47)</subfield>
   </datafield>
   <datafield tag="530" ind1=" " ind2=" ">
      <subfield code="a">Also available on the Internet.</subfield>
   </datafield>
   <datafield tag="538" ind1=" " ind2=" ">
      <subfield code="a">System requirements for online access: Adobe Acrobat.</subfield>
   </datafield>
   <datafield tag="596" ind1=" " ind2=" ">
      <subfield code="a">1 2 48</subfield>
   </datafield>
   <datafield tag="650" ind1=" " ind2="0">
      <subfield code="a">Wells</subfield>
      <subfield code="x">Testing.</subfield>
   </datafield>
   <datafield tag="650" ind1=" " ind2="0">
      <subfield code="a">Wells</subfield>
      <subfield code="z">Alberta</subfield>
      <subfield code="x">Testing.</subfield>
   </datafield>
   <datafield tag="650" ind1=" " ind2="0">
      <subfield code="a">Water-supply</subfield>
      <subfield code="z">Alberta</subfield>
      <subfield code="x">Testing.</subfield>
   </datafield>
   <datafield tag="650" ind1=" " ind2="0">
      <subfield code="a">Wells</subfield>
      <subfield code="x">Sampling</subfield>
      <subfield code="z">Alberta.</subfield>
   </datafield>
   <datafield tag="700" ind1="1" ind2=" ">
      <subfield code="a">Mayer, Bernhard.</subfield>
   </datafield>
   <datafield tag="710" ind1="1" ind2=" ">
      <subfield code="a">Alberta.</subfield>
      <subfield code="b">Alberta Environment.</subfield>
   </datafield>
   <datafield tag="856" ind1="4" ind2="1">
      <subfield code="3">Free Access</subfield>
      <subfield code="u">http://environment.gov.ab.ca/info/library/8139.pdf</subfield>
   </datafield>
   <datafield tag="926" ind1=" " ind2=" ">
      <subfield code="a">AGINTERNET</subfield>
      <subfield code="b">INTERNET</subfield>
      <subfield code="c">Internet Access</subfield>
      <subfield code="d">E-RESOURCE</subfield>
      <subfield code="f">1</subfield>
   </datafield>
   <datafield tag="926" ind1=" " ind2=" ">
      <subfield code="a">AGL_CAP</subfield>
      <subfield code="b">ON_SHELF</subfield>
      <subfield code="c">TD 227 A3 H669 2009</subfield>
      <subfield code="d">BOOK</subfield>
      <subfield code="f">1</subfield>
   </datafield>
   <datafield tag="926" ind1=" " ind2=" ">
      <subfield code="a">AGL_CAP</subfield>
      <subfield code="b">ARCHIVES</subfield>
      <subfield code="c">TD 227 A3 H669 2009</subfield>
      <subfield code="d">NO_LOAN</subfield>
      <subfield code="f">2</subfield>
   </datafield>
   <datafield tag="926" ind1=" " ind2=" ">
      <subfield code="a">UASCITECH</subfield>
      <subfield code="b">ON_SHELF</subfield>
      <subfield code="c">TD 227 A3 H669 2009</subfield>
      <subfield code="d">BOOK</subfield>
      <subfield code="f">1</subfield>
   </datafield>
</record>
